<record><leader>00000cas a22000007a 4500</leader><controlfield tag="001">14051917</controlfield><controlfield tag="008">860806d19161937txuwr ne      0    0eng d</controlfield><datafield ind1=" " ind2=" " tag="010"><subfield code="a">sn 86088134 </subfield></datafield><datafield ind1=" " ind2=" " tag="040"><subfield code="a">PPM</subfield><subfield code="b">eng</subfield><subfield code="c">PPM</subfield><subfield code="d">OCLCQ</subfield></datafield><datafield ind1=" " ind2=" " tag="042"><subfield code="a">msc</subfield></datafield><datafield ind1="0" ind2="4" tag="245"><subfield code="a">The Southwest plainsman and Panhandle weekly.</subfield></datafield><datafield ind1=" " ind2=" " tag="260"><subfield code="a">Amarillo, Tex. :</subfield><subfield code="b">M.J. Cheney</subfield></datafield><datafield ind1=" " ind2=" " tag="310"><subfield code="a">Weekly</subfield></datafield><datafield ind1="0" ind2=" " tag="362"><subfield code="a">Vol. 2, no. 18 (Aug. 26, 1916)-</subfield></datafield><datafield ind1="1" ind2=" " tag="362"><subfield code="a">Ceased Dec. 1937.</subfield></datafield><datafield ind1=" " ind2=" " tag="500"><subfield code="a">"Devoted to the interests of the plains farmer, stockman, dairyman, poultry raiser and housewife."</subfield></datafield><datafield ind1=" " ind2=" " tag="752"><subfield code="a">United States</subfield><subfield code="b">Texas</subfield><subfield code="c">Potter</subfield><subfield code="d">Amarillo.</subfield></datafield><datafield ind1="0" ind2="0" tag="780"><subfield code="t">Panhandle weekly</subfield><subfield code="w">(DLC)sn 87091124</subfield></datafield><datafield ind1="0" ind2="0" tag="785"><subfield code="t">Amarillo times</subfield><subfield code="w">(DLC)sn 86088024</subfield></datafield></record>